
@incollection{neal2011mcmc,
  title = {{{MCMC}} Using {{Hamiltonian}} Dynamics},
  booktitle = {Handbook of Markov Chain Monte Carlo},
  author = {Neal, Radford M},
  editor = {Brooks, Steve and Gelman, Andrew and Jones, Galin L. and Meng, Xiao-Li},
  year = {2011},
  file = {/Users/storopoli/Zotero/storage/TVZD8FF2/Neal - 2011 - MCMC using Hamiltonian dynamics.pdf}
}


